@MISC {Gerhard,
    author = "Gerhard P. Fettweis",
    title  = "Universidade Técnica de Dresden – Vodafone Chair Professor presentation",
    howpublished = "\url{http://download.steinbeis-europa.de/2013-10-29-30\_CPS/29102013-cps-fettweis-vodafone.pdf}",
    note = "[Consultado a 28 setembro 2016]"
}

@MISC {Artigo1,
    author  = "Adnan  Aijaz,  Mischa  Dohler,  A.  Hamid  Aghvami,  Vasilis  Friderikos,  and  Magnus  Frodigh",
    title   = "Realizing the Tactile Internet: Haptic Communications over Next Generation 5G Cellular  Networks",
    journal = "IEEE",
    howpublished = "\url{https://arxiv.org/pdf/1510.02826.pdf}",
    note = "[Consultado  a  28 setembro]"
}

@MISC {Artigo2,
    author  = "Desconhecido",
    title   = "Technology Watch Report August: The Tactile Internet",
    journal = "Telecommunication Standardization Sector (ITU-T) ",
    year    = "2014",
    howpublished = "\url{https://www.itu.int/oth/T2301000023/en}",
    note    = "[Consultado a 28 setembro 2016]"
}

@MISC {Mischa-Dohler,
    author  = "Mischa Dohler",
    title   = "The Tactile Internet: Touch Me, Now You Can!",
    journal = "Kings College London",
    howpublished = "\url{https://www.youtube.com/watch?v=ASphNkMOq-U}",
    note    = "[Visualizado a 28 Setembro 2016]"
}

@MISC {Artigo3,
    author = "Martin Maier, Mahfuzulhoq Chowdhury, Bhaskar Prasad Rimal, Dung Pham Van",
    title  = "The Tactile  Internet:  Vision,  Recent  Progress,  and  Open  Challenges",    howpublished  = "\url{http://ieeexplore.ieee.org/stamp/stamp.jsp?arnumber=7470948}",
    note   = "[Consultado a 3 de Outubro]"
}

@MISC {Artigo4,
    author = "Meryem Simsek, Adnan Aijaz, Mischa Dohler, Joachim Sachs, Gerhard Fettweis",
    title  = "5G-Enable Tactile Internet",
    journal = "IEEE",
    howpublished  = "\url{http://ieeexplore.ieee.org/stamp/stamp.jsp?arnumber=7403840}",
    note   = "[Consultado a 3 de Outubro]"
}
